% This file was created with JabRef 2.9.2.
% Encoding: MacRoman

@MISC{Metathese,
  author = {Various Artist},
  title = {Portal für Organische Chemie},
  howpublished = {http://www.organische-chemie.ch/OC/Namen/Olefinmetathese.htm},
  url = {http://www.organische-chemie.ch/OC/Namen/Olefinmetathese.htm}
}

@MISC{Nobelpreis_Metathese,
  author = {Various Artist},
  title = {Development of the metathesis method in organic synthesis},
  howpublished = {http://www.nobelprize.org/nobel\_prizes/ chemistry/laureates/2005/advanced-chemistryprize2005.pdf},
  url = {http://www.nobelprize.org/nobel\_prizes/chemistry/laureates/2005/advanced-chemistryprize2005.pdf}
}

@BOOK{Atkins2001,
  title = {Physikalische Chemie},
  publisher = {WILEY-VCH},
  year = {2001},
  editor = {A. H{\"o}pfner},
  author = {P. W. Atkins},
  edition = {dritte, korrigierte Auflage}
}

@BOOK{barrow,
  title = {Physikalsche Chemie, Band 2},
  publisher = {Bohmann Verlag},
  year = {1974},
  author = {G. M. Barrow}
}

@BOOK{proteine2,
  title = {Stryer Biochemie},
  publisher = {Springer Spektrum},
  year = {2013},
  author = {Berg, Jeremy M.}
}

@BOOK{Beyer2004,
  title = {Lehrbuch der Organischen Chemie},
  publisher = {Hirzel},
  year = {2004},
  author = {Beyer, H. and Walter, W. and Francke, W.},
  edition = {24. überarbeitete Auflage}
}

@BOOK{Brdicka1981,
  title = {Grundlagen der physikalischen Chemie},
  publisher = {VEB Deutscher Verlag der Wissenschaften},
  year = {1981},
  author = {Brdi\v{c}ka, R. and Dvo\v{r}ak, J.},
  pages = {440 -- 444},
  edition = {15., bearbeitete Auflage}
}

@BOOK{Brueckner2004,
  title = {Reaktionsmechanismen},
  publisher = {Spektrum Akademischer Verlag},
  year = {2004},
  author = {Brückner, R.},
  pages = {13},
  edition = {3. Auflage}
}

@BOOK{Clayden13,
  title = {Organische Chemie},
  publisher = {Springer Spektrum},
  year = {2013},
  author = {Clayden, J. and Greeves, N. and Warren, S.}
}

@BOOK{SchroedelPhysik,
  title = {Physik Oberstufe. Gesamtband.},
  publisher = {Cornelsen},
  year = {2008},
  author = {Diehl, B. and Erb, R. and Lindner, K. and Schmalhofer, C. and Schön,
	L.-H. and Tillmans P. and Winter, R.}
}

@BOOK{Riedel07,
  title = {Anorganische Chemie},
  publisher = {de Gruyter},
  year = {2007},
  author = {Erwin Riedel, Christoph Janiak}
}

@ARTICLE{Fasshauer13,
  author = {Fasshauer, E. and Pernpointner, M. and Gokhberg, K.},
  title = {Interatomic Decay of Inner-Valence Ionized States in ArXe Clusters:
	Relativistic Approach},
  journal = {J. Chem. Phys.},
  year = {2013},
  volume = {138},
  pages = {014305},
  owner = {elkefasshauer},
  timestamp = {2012.10.23}
}

@BOOK{Feynman,
  title = {Vorlesungen über Physik},
  publisher = {Oldenbourg Wissenschaftsverlag},
  year = {1991},
  editor = {Wessel, Henner},
  author = {Feynman, R.},
  volume = {3}
}

@BOOK{Feynman_lectures70,
  title = {The Feynman Lectures on Physics},
  publisher = {Addison Wesley Longman},
  year = {1970},
  author = {Feynman, R. P.},
  volume = {III},
  pages = {1-1 -- 1-15}
}

@BOOK{Fliessbach2007,
  title = {Statistische Physik, Lehrbuch zur Theoretischen Physik IV},
  publisher = {Spektrum Akademischer Verlag},
  year = {2007},
  author = {Fließbach, T.},
  pages = {66 -- 75},
  edition = {4. Auflage}
}

@BOOK{Huheey,
  title = {Anorganische Chemie},
  publisher = {DeGruyter},
  year = {2014},
  author = {Huheey, J. and Keiter, E. and Keiter, R.},
  edition = {5. Auflage}
}

@BOOK{proteine1,
  title = {Chemie heute SII},
  publisher = {Schroedel Verlag GmbH},
  year = {2009},
  author = {Jäckel, Manfred}
}

@BOOK{Mortimer2003,
  title = {Chemie},
  publisher = {Thieme, Stuttgart},
  year = {2003},
  author = {Mortimer, C. and Müller, U.},
  pages = {331 -- 345},
  edition = {8., komplett überarbeitete Auflage}
}

@BOOK{norman,
  title = {Periodicy of the s- and p-block elements},
  publisher = {Oxford Chemistry Primers},
  year = {1997},
  author = {N. Norman}
}

@BOOK{Atkins2013,
  title = {Physikalische Chemie},
  publisher = {WILEY-VCH},
  year = {2013},
  editor = {Tuan, S. F.},
  author = {P. W. Atkins, P.W. and de Paula, Julio}
}

@BOOK{Reinhold,
  title = {Quantentheorie der Moleküle},
  publisher = {Springer},
  year = {2012},
  author = {J. Reinhold},
  edition = {4}
}

@BOOK{Riedel04,
  title = {Allgemeine und Anorganische Chemie},
  publisher = {de Gruyter},
  year = {2004},
  author = {Riedel, E.},
  edition = {8., überarbeitete Auflage}
}

@BOOK{SakuraiModern94,
  title = {Modern Quantum Mechanics},
  publisher = {Addison-Wesley},
  year = {1994},
  editor = {Tuan, S. F.},
  author = {Sakurai, J. J.},
  edition = {Rev.},
  owner = {elke},
  timestamp = {2012.10.31}
}

@ARTICLE{Schuster01,
  author = {Schuster, Blechart},
  title = {Die Olefinmetathese},
  journal = {Chemie in unserer Zeit},
  year = {2001}
}

@ARTICLE{ChiuZ06,
  author = {Schüth, F.},
  journal = {Chemie in unserer Zeit},
  year = {2006},
  volume = {40},
  pages = {81-151},
  number = {2},
  publisher = { Wiley-VCH}
}

@BOOK{Sykes1988,
  title = {Reaktionsmechanismus der Organischen Chemie},
  publisher = {Wiley-VCH},
  year = {1988},
  author = {Sykes, P.},
  edition = {9. überarbeitete Auflage}
}

@BOOK{Szabo_Ostlund96,
  title = {Modern Quantum Chemistry},
  publisher = {Dover Publications, Inc.},
  year = {1996},
  author = {Szabo, A. and Ostlund, N. S.}
}

@BOOK{Vollhardt2000,
  title = {Organische Chemie},
  publisher = {Wiley-VCH},
  year = {2000},
  author = {Vollhardt, K. P .C. and Schore, N. E.},
  pages = {161 -- 183},
  edition = {dritte Auflage}
}

@ARTICLE{Worhle_15,
  author = {W{\"o}hrle, D.},
  title = {Was ist Licht?},
  journal = {Chemie in unserer Zeit},
  year = {2015},
  volume = {49},
  pages = {386 -- 390},
  owner = {elkefasshauer},
  timestamp = {2017.07.16}
}

@BOOK{Lehrbuch_der_physikalischen_Chemie,
  title = {Modern Quantum Mechanics},
  publisher = {WILEY-VCH},
  year = {2012},
  editor = {Tuan,S. F.},
  author = {Wedler, G. and Freund, H.-J.}
}

@MISC{Weiss_Chemolumineszenz,
  author = {Weiss, D.},
  title = {Lumineszenz},
  howpublished = {http://www.chemie.uni-jena.de/institute/oc/weiss/lumineszenz.htm}
}

